<record><leader>00000cas a2200000 a 4500</leader><controlfield tag="001">21246383</controlfield><controlfield tag="008">900320d18911891wauwr ne      0    0eng d</controlfield><datafield ind1=" " ind2=" " tag="010"><subfield code="a">sn 90099736 </subfield></datafield><datafield ind1=" " ind2=" " tag="040"><subfield code="a">SLZ</subfield><subfield code="b">eng</subfield><subfield code="c">SLZ</subfield><subfield code="d">OCL</subfield><subfield code="d">OCLCQ</subfield><subfield code="d">OCLCF</subfield><subfield code="d">OCLCO</subfield></datafield><datafield ind1="1" ind2=" " tag="029"><subfield code="a">AU@</subfield><subfield code="b">000020592521</subfield></datafield><datafield ind1=" " ind2=" " tag="042"><subfield code="a">msc</subfield></datafield><datafield ind1=" " ind2=" " tag="043"><subfield code="a">n-us-wa</subfield></datafield><datafield ind1="0" ind2=" " tag="130"><subfield code="a">Whatcom county democrat (Fairhaven, Wash. : 1891)</subfield></datafield><datafield ind1="1" ind2="0" tag="245"><subfield code="a">Whatcom county democrat.</subfield></datafield><datafield ind1=" " ind2=" " tag="260"><subfield code="a">Fairhaven, Wash. :</subfield><subfield code="b">Mullin &amp; Edwards</subfield></datafield><datafield ind1=" " ind2=" " tag="300"><subfield code="a">v.</subfield></datafield><datafield ind1=" " ind2=" " tag="310"><subfield code="a">Weekly</subfield></datafield><datafield ind1="0" ind2=" " tag="362"><subfield code="a">Vol. 1, no. 1 (May 11, 1891)-v. 1, no. 20 (Sept. 21, 1891).</subfield></datafield><datafield ind1=" " ind2="0" tag="651"><subfield code="a">Fairhaven (Wash.)</subfield><subfield code="v">Newspapers.</subfield></datafield><datafield ind1=" " ind2="7" tag="655"><subfield code="a">Newspapers.</subfield><subfield code="2">fast</subfield><subfield code="0">(OCoLC)fst01423814</subfield></datafield><datafield ind1=" " ind2="7" tag="651"><subfield code="a">Washington (State)</subfield><subfield code="z">Fairhaven.</subfield><subfield code="2">fast</subfield><subfield code="0">(OCoLC)fst01278270</subfield></datafield><datafield ind1=" " ind2=" " tag="752"><subfield code="a">United States</subfield><subfield code="b">Washington</subfield><subfield code="c">Whatcom</subfield><subfield code="d">Fairhaven.</subfield></datafield><datafield ind1=" " ind2=" " tag="752"><subfield code="a">United States</subfield><subfield code="b">Washington</subfield><subfield code="c">Whatcom</subfield><subfield code="d">Bellinghham.</subfield></datafield><datafield ind1="0" ind2="0" tag="785"><subfield code="t">Fairhaven independent</subfield><subfield code="w">(DLC)sn 90099373</subfield></datafield></record>